<?xml version="1.0" encoding="UTF-8"?><collection xmlns="http://www.loc.gov/MARC21/slim"><record><leader>00455nam--2200145-i-4500</leader><controlfield tag="001">000046103</controlfield><controlfield tag="002">20161230</controlfield><controlfield tag="005">20161230201045</controlfield><controlfield tag="008">060222s1000------------r-----000-0-eng-d</controlfield><datafield ind1=" " ind2=" " tag="080"><subfield code="a">517.972(043)</subfield></datafield><datafield ind1=" " ind2=" " tag="100"><subfield code="a">Van Isechem, Francois</subfield></datafield><datafield ind1=" " ind2=" " tag="245"><subfield code="a">Contitions suffisantes pour le calcul des variations multidimensionnel. these</subfield></datafield><datafield ind1=" " ind2=" " tag="260"><subfield code="a">Lille, L`Univ.Des Sciences Et Techniques De Lille, 1975, 129p</subfield></datafield><datafield ind1=" " ind2=" " tag="852"><subfield code="a">44143</subfield><subfield code="c">517.9</subfield></datafield><datafield ind1=" " ind2=" " tag="CAT"><subfield code="a">Sys</subfield><subfield code="c">20081022</subfield><subfield code="h">110236</subfield></datafield></record></collection>